@article{Lundgren_2008,
	doi = {10.1088/0953-8984/20/18/180302},
	url = {https://doi.org/10.1088/0953-8984/20/18/180302},
	year = 2008,
	month = {feb},
	publisher = {{IOP} Publishing},
	volume = {20},
	number = {18},
	pages = {180302},
	author = {Edvin Lundgren and Herbert Over},
	title = {In situ gas{\textendash}surface interactions: approaching realistic conditions},
	journal = {Journal of Physics: Condensed Matter},
}
